@online{forge,
	title="Viewer",
	year="2019",
	organization="{Autodesk Forge}",
	author="{Autodesk Inc}",
	howpublished={\url{https://forge.autodesk.com/en/docs/viewer/v6/developers_guide/overview/}},
	note="Accessed: 9 April 2019"
}

@online{colors,
	title="Color Psychology: Does it Affect How You Feel?",
	year="2019",
	month="5",
	day="20",
	organization="{verywellmind}",
	author="{Kendra Cherry}",
	howpublished={\url{https://www.verywellmind.com/color-psychology-2795824}},
	note="Accessed: 4 June 2019"
}